<record><leader>00000cas a22000007a 4500</leader><controlfield tag="001">17989540</controlfield><controlfield tag="008">880523d19731990ohuwr ne      0    0eng d</controlfield><datafield ind1=" " ind2=" " tag="010"><subfield code="a">sn 88078575 </subfield></datafield><datafield ind1=" " ind2=" " tag="040"><subfield code="a">ONP</subfield><subfield code="b">eng</subfield><subfield code="c">ONP</subfield><subfield code="d">OCLCQ</subfield></datafield><datafield ind1=" " ind2=" " tag="042"><subfield code="a">msc</subfield></datafield><datafield ind1="0" ind2="4" tag="245"><subfield code="a">The Gazette, Ashtabula County sentinel.</subfield></datafield><datafield ind1="3" ind2="0" tag="246"><subfield code="a">Gazette and the Ashtabula County sentinel</subfield></datafield><datafield ind1=" " ind2=" " tag="260"><subfield code="a">Jefferson, Ohio :</subfield><subfield code="b">Gazette Print. Co.,</subfield><subfield code="c">1973-1990.</subfield></datafield><datafield ind1=" " ind2=" " tag="300"><subfield code="a">v.</subfield></datafield><datafield ind1=" " ind2=" " tag="310"><subfield code="a">Weekly,</subfield><subfield code="b">Mar. 23, 1989-Nov. 1, 1990</subfield></datafield><datafield ind1=" " ind2=" " tag="321"><subfield code="a">Semiweekly,</subfield><subfield code="b">Apr. 30, 1973-Mar. 16, 1989</subfield></datafield><datafield ind1="0" ind2=" " tag="362"><subfield code="a">Vol. 97, no. 35 (Apr. 30, 1973)-v. 115, no. 44 (Nov. 1, 1990).</subfield></datafield><datafield ind1=" " ind2="4" tag="651"><subfield code="a">Jefferson (Ashtabula County, Ohio)</subfield><subfield code="v">Newspapers.</subfield></datafield><datafield ind1=" " ind2="4" tag="651"><subfield code="a">Ashtabula County (Ohio)</subfield><subfield code="v">Newspapers.</subfield></datafield><datafield ind1=" " ind2=" " tag="752"><subfield code="a">United States</subfield><subfield code="b">Ohio</subfield><subfield code="c">Ashtabula</subfield><subfield code="d">Jefferson.</subfield></datafield><datafield ind1="0" ind2="0" tag="780"><subfield code="t">Jefferson gazette, Ashtabula sentinel</subfield><subfield code="w">(DLC)sn 83035226</subfield></datafield><datafield ind1="0" ind2="0" tag="785"><subfield code="t">Gazette (Jefferson, Ohio : 1990)</subfield><subfield code="w">(DLC)sn 92063422</subfield></datafield><datafield ind1="1" ind2=" " tag="029"><subfield code="a">AU@</subfield><subfield code="b">000020510778</subfield></datafield></record>